@misc{nasa2014srtm1sdem,
  author={{NASA LP DAAC}},
  title={SRTM 1 Arc-Second Global},
  year={2000},
  address={NASA EOSDIS Land Processes DAAC, USGS Earth Resources Observation and Science (EROS) Center, Sioux Falls, South Dakota},
  howpublished={\url{https://earthexplorer.usgs.gov/}},
  note={published September 2014, accessed May 2016}
}

@article{bishop1995drainage,
  title={Drainage rearrangement by river capture, beheading and diversion},
  author={Bishop, Paul},
  journal={Progress in physical geography},
  volume={19},
  number={4},
  pages={449--473},
  year={1995},
  publisher={Sage Publications Sage CA: Thousand Oaks, CA}
}

@article{sun2007fast,
  title={Fast and effective feature-preserving mesh denoising},
  author={Sun, Xianfang and Rosin, Paul and Martin, Ralph and Langbein, Frank},
  journal={IEEE Transactions on Visualization \& Computer Graphics},
  number={5},
  pages={925--938},
  year={2007},
  publisher={IEEE}
}

@article{ocana2020aplicacion,
  title={APLICACI{\'O}N DE {\'I}NDICES GEOMORFOM{\'E}TRICOS, PARA EL AN{\'A}LISIS DEL SISTEMA EROSIVO FLUVIAL DE LA CUENCA MATAGUSANOS. PRECORDILLERA DE SAN JUAN},
  author={Oca{\~n}a, Ra{\'u}l Emmanuel and Flores, Daniel Germ{\'a}n and Pittaluga, Maria Alejandra and Cortez Taillant, Valeria Sof{\'\i}a},
  journal={Revista de la Asociaci{\'o}n Geol{\'o}gica Argentina},
  volume={77},
  number={1},
  pages={174--191},
  year={2020}
}

@book{gutierrez2008geomorfologia,
  title={Geomorfolog{\'\i}a},
  author={Guti{\'e}rrez Elorza, Mateo},
  number={551.4 GUT},
  year={2008}
}



@book{christofoletti1988geomorfologia,
  title={Geomorfologia},
  author={Christofoletti, Ant{\^o}nio},
  year={1988},
  publisher={Editora Blucher}
}

@article{arroyo2012esbozo,
  title={Esbozo hist{\'o}rico de la geomorfolog{\'\i}a y su papel como ciencia aplicada en el contexto de los peligros naturales y los planes reguladores},
  author={Arroyo-Gonz{\'a}lez, Luis Nelson},
  journal={Revista Geogr{\'a}fica de Am{\'e}rica Central},
  volume={1},
  number={48},
  pages={15--34},
  year={2012}
}

@article{morais2010geomorfologia,
  title={Geomorfologia Fluvial da Bacia Hidrogr{\'a}fica do Ribeir{\~a}o Ja{\'u}-Palmas-TO.},
  author={Morais, Fernando and Almeida, Loiane Melo},
  journal={Brazilian Geographical Journal: Geosciences and Humanities research medium},
  volume={1},
  number={2},
  year={2010}
}